<?xml version="1.0" encoding="UTF-8"?><collection xmlns="http://www.loc.gov/MARC21/slim"><record><leader>00453nam--2200145-i-4500</leader><controlfield tag="001">000014247</controlfield><controlfield tag="002">20161230</controlfield><controlfield tag="005">20161230201030</controlfield><controlfield tag="008">060222s1000------------r-----000-0-eng-d</controlfield><datafield ind1=" " ind2=" " tag="080"><subfield code="a">62</subfield></datafield><datafield ind1=" " ind2=" " tag="100"><subfield code="a">Calinescu,Valentin</subfield></datafield><datafield ind1=" " ind2=" " tag="245"><subfield code="a">Tehnologii neconventionale de prelucrare, orientari,realizari,tendinte in cercetarea stiintifica si ingineria tehnologica</subfield></datafield><datafield ind1=" " ind2=" " tag="260"><subfield code="a">Bucuresti,Inid.,1982. 116 P</subfield></datafield><datafield ind1=" " ind2=" " tag="490"><subfield code="a">Culegere Documentara Tematica</subfield></datafield><datafield ind1=" " ind2=" " tag="852"><subfield code="a">7O402</subfield></datafield></record></collection>